@book{FossheimSudbo2004,
publisher = {John Wiley & Sons, Ltd},
isbn = {9780470020784},
title = {Fermi-Liquids and Attractive Interactions},
booktitle = {Superconductivity},
doi = {https://doi.org/10.1002/0470020784},
url = {https://onlinelibrary.wiley.com/doi/abs/10.1002/0470020784},
eprint = {https://onlinelibrary.wiley.com/doi/pdf/10.1002/0470020784},
year = {2004},
author = {Kristian Fossheim and Asle Sudb√∏}, 
keywords = {Fermi-liquids, annihilation- and creation-operators, quasiparticles, phonon-mediated attractive interactions, phonons, Fermi-liquid theory, single-particle propagator, dysons equation, retardation},
abstract = {Summary This chapter contains sections titled: Introduction The non-interacting electron gas Interacting electrons, quasiparticles and Fermi-liquids Instability due to attractive interactions}
}